<collection xmlns="http://www.loc.gov/MARC21/slim">
<record>
  <leader>02423nam0a2200433 i 450 </leader>
  <controlfield tag="001">IT\ICCU\CNCE\012559</controlfield>
  <controlfield tag="005">20071016000000.0</controlfield>
  <datafield tag="012" ind1=" " ind2=" ">
    <subfield code="a">n-o- lamo a.e, PeCh (3) 1589 (R)</subfield>
    <subfield code="2">fei</subfield>
  </datafield>
  <datafield tag="100" ind1=" " ind2=" ">
    <subfield code="a">19970101d1589        0itac0103    ba</subfield>
  </datafield>
  <datafield tag="101" ind1=" " ind2=" ">
    <subfield code="a">ITA</subfield>
  </datafield>
  <datafield tag="102" ind1=" " ind2=" ">
    <subfield code="a">IT</subfield>
  </datafield>
  <datafield tag="200" ind1="1" ind2=" ">
    <subfield code="a">Delle rime toscane dell&apos;eccell.mo giurisconsulto et antichissimo poeta il sig. Cino Sigibaldi da Pistoia, raccolte da diversi luoghi, e date in luce dal r.p. Faustino Tasso de Minori osservanti. Libro primo</subfield>
  </datafield>
  <datafield tag="210" ind1=" " ind2=" ">
    <subfield code="a">In Venetia</subfield>
    <subfield code="c">presso Gio. Domenico Imberti</subfield>
    <subfield code="d">1589</subfield>
  </datafield>
  <datafield tag="215" ind1=" " ind2=" ">
    <subfield code="a">\24!, 178 p.</subfield>
    <subfield code="d">4ʻ</subfield>
  </datafield>
  <datafield tag="300" ind1=" " ind2=" ">
    <subfield code="a">A p. 125 altro front.: Delle rime toscane ... libro secondo</subfield>
  </datafield>
  <datafield tag="620" ind1=" " ind2=" ">
    <subfield code="a">IT</subfield>
    <subfield code="d">Venezia</subfield>
  </datafield>
  <datafield tag="700" ind1=" " ind2="0">
    <subfield code="a">Cino</subfield>
    <subfield code="c"> : da#Pistoia</subfield>
    <subfield code="3">IT\ICCU\CNCA\000136</subfield>
  </datafield>
  <datafield tag="702" ind1=" " ind2="1">
    <subfield code="a">Tasso,</subfield>
    <subfield code="b">Faustino</subfield>
    <subfield code="3">IT\ICCU\CNCA\003075</subfield>
  </datafield>
  <datafield tag="712" ind1="0" ind2="0">
    <subfield code="a">Imberti, Giovanni Domenico</subfield>
    <subfield code="3">IT\ICCU\CNCT\000760</subfield>
    <subfield code="4">650</subfield>
  </datafield>
  <datafield tag="790" ind1=" " ind2="1">
    <subfield code="a">Sighibuldi,</subfield>
    <subfield code="b">Cino</subfield>
    <subfield code="3">IT\ICCU\CNCA\003317</subfield>
    <subfield code="z">Cino : da#Pistoia</subfield>
  </datafield>
  <datafield tag="790" ind1=" " ind2="0">
    <subfield code="a">Cynus</subfield>
    <subfield code="c"> : Pistoriensis</subfield>
    <subfield code="3">IT\ICCU\CNCA\013290</subfield>
    <subfield code="z">Cino : da#Pistoia</subfield>
  </datafield>
  <datafield tag="790" ind1=" " ind2="0">
    <subfield code="a">Cynus</subfield>
    <subfield code="c"> : de#Pistorio</subfield>
    <subfield code="3">IT\ICCU\CNCA\013291</subfield>
    <subfield code="z">Cino : da#Pistoia</subfield>
  </datafield>
  <datafield tag="790" ind1=" " ind2="1">
    <subfield code="a">Sinibaldi,</subfield>
    <subfield code="b">Cino</subfield>
    <subfield code="3">IT\ICCU\CNCA\013292</subfield>
    <subfield code="z">Cino : da#Pistoia</subfield>
  </datafield>
  <datafield tag="790" ind1=" " ind2="1">
    <subfield code="a">Sigibaldi,</subfield>
    <subfield code="b">Cino : da#Pistoia</subfield>
    <subfield code="3">IT\ICCU\CNCA\014874</subfield>
    <subfield code="z">Cino : da#Pistoia</subfield>
  </datafield>
  <datafield tag="790" ind1=" " ind2="1">
    <subfield code="a">Tassus,</subfield>
    <subfield code="b">Faustinus</subfield>
    <subfield code="3">IT\ICCU\CNCA\024699</subfield>
    <subfield code="z">Tasso, Faustino</subfield>
  </datafield>
  <datafield tag="790" ind1=" " ind2="0">
    <subfield code="a">Aeneas</subfield>
    <subfield code="c"> : Venetus</subfield>
    <subfield code="3">IT\ICCU\CNCA\025346</subfield>
    <subfield code="z">Tasso, Faustino</subfield>
  </datafield>
  <datafield tag="790" ind1=" " ind2="1">
    <subfield code="a">Aeneas,</subfield>
    <subfield code="b">Jason</subfield>
    <subfield code="3">IT\ICCU\CNCA\025347</subfield>
    <subfield code="z">Tasso, Faustino</subfield>
  </datafield>
  <datafield tag="791" ind1="0" ind2="0">
    <subfield code="a">Imbertis, Ioannes Dominicus de</subfield>
    <subfield code="3">IT\ICCU\CNCT\004847</subfield>
    <subfield code="z">Imberti, Giovanni Domenico</subfield>
  </datafield>
  <datafield tag="801" ind1=" " ind2="3">
    <subfield code="a">IT</subfield>
    <subfield code="b">ICCU</subfield>
    <subfield code="c">20201114</subfield>
  </datafield>
  <datafield tag="899" ind1=" " ind2=" ">
    <subfield code="a">Biblioteca provinciale Scipione e Giulio Capone. Avellino</subfield>
    <subfield code="1">AV0007</subfield>
    <subfield code="2">NAP AV</subfield>
  </datafield>
  <datafield tag="899" ind1=" " ind2=" ">
    <subfield code="a">Biblioteca Apostolica Vaticana. Citt ̉del Vaticano</subfield>
    <subfield code="1">EX0001</subfield>
    <subfield code="2">ZCV 01</subfield>
  </datafield>
  <datafield tag="899" ind1=" " ind2=" ">
    <subfield code="a">Biblioteca nazionale centrale. Firenze</subfield>
    <subfield code="1">FI0098</subfield>
    <subfield code="2">CFI CF</subfield>
  </datafield>
  <datafield tag="899" ind1=" " ind2=" ">
    <subfield code="a">Biblioteca civica. Padova</subfield>
    <subfield code="1">PD0090</subfield>
    <subfield code="2">PUV 55</subfield>
  </datafield>
  <datafield tag="899" ind1=" " ind2=" ">
    <subfield code="a">Biblioteca comunale Forteguerriana. Pistoia</subfield>
    <subfield code="z">MUTILO</subfield>
    <subfield code="1">PT0025</subfield>
    <subfield code="2">RT1 IE</subfield>
  </datafield>
  <datafield tag="899" ind1=" " ind2=" ">
    <subfield code="a">Biblioteca comunale Classense. Ravenna</subfield>
    <subfield code="1">RA0036</subfield>
    <subfield code="2">RAV CL</subfield>
  </datafield>
  <datafield tag="899" ind1=" " ind2=" ">
    <subfield code="a">Biblioteca dell&apos;Accademia nazionale dei Lincei e Corsiniana. Roma</subfield>
    <subfield code="1">RM0418</subfield>
    <subfield code="2">RML 10</subfield>
  </datafield>
  <datafield tag="899" ind1=" " ind2=" ">
    <subfield code="a">Biblioteca nazionale Marciana. Venezia</subfield>
    <subfield code="1">VE0049</subfield>
    <subfield code="2">VEA BM</subfield>
  </datafield>
  <datafield tag="911" ind1=" " ind2=" ">
    <subfield code="a">sul front.</subfield>
    <subfield code="9">IT\ICCU\CNCM\000172</subfield>
  </datafield>
  <datafield tag="921" ind1=" " ind2=" ">
    <subfield code="a">IT\ICCU\CNCM\000172</subfield>
    <subfield code="b">Colomba  di profilo su monte a tre cime</subfield>
    <subfield code="e">Hinc silens hinc loquax.</subfield>
    <subfield code="c">V255</subfield>
    <subfield code="c">Z361</subfield>
    <subfield code="d">Dimensioni: 3,5 x 4,1</subfield>
    <subfield code="f">COLOMBA</subfield>
    <subfield code="f">HINCSILENS</subfield>
    <subfield code="f">MONTI</subfield>
    <subfield code="g">1584-1599</subfield>
  </datafield>
</record>
</collection>
